@article{iteratedRegisterCoalescing,
   author = "{George, Lal and Appel, Andrew W.}",
   title = "{Iterated register coalescing}",
   journal = "{ACM Trans. Program. Lang. Syst.}",
   issue_date = "{May 1996}",
   volume = "{18}",
   number = "{3}",
   month = may,
   year = "{1996}",
   issn = "{0164-0925}",
   pages = "{300--324}",
   numpages = "{25}",
   url = "{http://doi.acm.org/10.1145/229542.229546}",
   doi = "{10.1145/229542.229546}",
   acmid = "{229546}",
   publisher = "{ACM}",
   address = "{New York, NY, USA}",
   keywords = "{copy propagation, graph coloring, register allocation, register coalescing}",
}

@misc{sparcArchitecture,
   url = "{http://n.ethz.ch/student/ddukaric/zusammenfassungen/Buecher/SPARC Architecture.pdf}",
   title = "{SPARC Architecture, Assembly Language Programming, and C}",
   author = "{Paul, Richard P.}"
}"

@misc{antlr,
   url = "{http://www.antlr.org}",
   title = "{ANTLR Parser Generator}"
}

@article{chaitin,
   author = "{Chaitin, Gregory}",
   title = "{Register allocation and spilling via graph coloring}",
   journal = "{SIGPLAN Not.}",
   issue_date = "{April 2004}",
   volume = "{39}",
   number = "{4}",
   month = apr,
   year = "{2004}",
   issn = "{0362-1340}",
   pages = "{66--74}",
   numpages = "{9}",
   url = "{http://doi.acm.org/10.1145/989393.989403}",
   doi = "{10.1145/989393.989403}",
   acmid = "{989403}",
   publisher = "{ACM}",
   address = "{New York, NY, USA}",
}
